@misc{microcontrollerweb,
	author = {Margaret Rouse},
	title = {What is a Microcontroller and How Does it Work?},
	howpublished = {\url{ https://internetofthingsagenda.techtarget.com/definition/microcontroller}},
	note = {\newline Accessed: 2019-09-30},
}

@misc{arduinoweb,
	author = "{Official Arduino Developer}",
	title = "What is Arduino?",
	howpublished = {\url{https://www.arduino.cc/en/guide/introduction}},
	note = {Accessed: 2019-09-30},
}

@misc{linefollower1web,
	author = "{Aarav G.}",
	title = "How to Make Line Follower Robot Using Arduino",
	howpublished = {\url{https://www.instructables.com/id/Line-Follower-Robot-Using-Arduino-2/}},
	note = {Accessed: 2019-09-30},
}

@misc{linefollower2web,
	author = "{RoboCircuits}",
	title = "Line Follower Robot",
	howpublished = {\url{https://create.arduino.cc/projecthub/robocircuits/line-follower-robot-arduino-299bae}},
	note = {Accessed: 2019-09-30},
}

@misc{ledcontrolweb,
	author = "{VIVEK GR.}",
	title = "Simple Led Control With Blynk and NodeMCU Esp8266 12E",
	howpublished = {\url{https://www.instructables.com/id/Simple-Led-Control-With-Blynk-and-NodeMCU-Esp8266-/}},
	note = {Accessed: 2019-09-30},
}

@misc{nodemcuweb,
	author = "{DanishMalhotra}",
	title = "Getting Started With NodeMCU V1.0 and Blynk App",
	howpublished = {\url{https://www.instructables.com/id/Getting-Started-With-NodeMCU-V10-and-Blynk-App/}},
	note = {Accessed: 2019-09-30},
}

@misc{tinkercadweb,
	author = "{Autodesk}",
	title = "TinkerCAD",
	howpublished = {\url{https://www.tinkercad.com}},
	note = {Accessed: 2019-09-30},
}

@misc{drawioweb,
	author = "{jgraph}",
	title = "Diagrams",
	howpublished = {\url{https://app.diagrams.net/}},
	note = {Accessed: 2019-09-30},
}